<record><leader>00000cas a22000007a 4500</leader><controlfield tag="001">11964848</controlfield><controlfield tag="008">850426d19851988ohuwr ne      0   a0eng d</controlfield><datafield ind1=" " ind2=" " tag="010"><subfield code="a">sn 85009669 </subfield></datafield><datafield ind1=" " ind2=" " tag="040"><subfield code="a">NSD</subfield><subfield code="b">eng</subfield><subfield code="c">NSD</subfield><subfield code="d">ONP</subfield><subfield code="d">OCLCQ</subfield></datafield><datafield ind1=" " ind2=" " tag="012"><subfield code="m">1</subfield></datafield><datafield ind1="1" ind2=" " tag="022"><subfield code="a">8750-9601</subfield><subfield code="l">8750-9601</subfield><subfield code="2">1</subfield></datafield><datafield ind1=" " ind2=" " tag="032"><subfield code="a">018030</subfield><subfield code="b">USPS</subfield></datafield><datafield ind1=" " ind2=" " tag="042"><subfield code="a">nsdp</subfield></datafield><datafield ind1=" " ind2="0" tag="222"><subfield code="a">Howland Independent</subfield></datafield><datafield ind1="0" ind2="0" tag="245"><subfield code="a">Howland Independent.</subfield></datafield><datafield ind1=" " ind2=" " tag="260"><subfield code="a">Howland, Ohio :</subfield><subfield code="b">Phoenix Publications,</subfield><subfield code="c">1985-1988.</subfield></datafield><datafield ind1=" " ind2=" " tag="300"><subfield code="a">v.</subfield></datafield><datafield ind1=" " ind2=" " tag="310"><subfield code="a">Weekly</subfield></datafield><datafield ind1="0" ind2=" " tag="362"><subfield code="a">11th year, no. 50 (Mar. 6, 1985)-14th year, no. 46 (Feb. 10, 1988).</subfield></datafield><datafield ind1=" " ind2=" " tag="752"><subfield code="a">United States</subfield><subfield code="b">Ohio</subfield><subfield code="c">Trumbull</subfield><subfield code="d">Howland.</subfield></datafield><datafield ind1="0" ind2="0" tag="780"><subfield code="t">Howland bandwagon</subfield><subfield code="w">(DLC)sn 90068614</subfield></datafield></record>